@book{cormen2022clrs,
  title        = {Introduction to Algorithms},
  author       = {Cormen, Thomas H. and Leiserson, Charles E. and Rivest, Ronald L. and Stein, Clifford},
  edition      = {4},
  year         = {2022},
  publisher    = {MIT Press},
  address      = {Cambridge}
}

@book{tanenbaum2015mos,
  title        = {Modern Operating Systems},
  author       = {Tanenbaum, Andrew S. and Bos, Herbert},
  edition      = {4},
  year         = {2015},
  publisher    = {Pearson},
  address      = {Boston}
}

@book{herlihy2020art,
  title        = {The Art of Multiprocessor Programming},
  author       = {Herlihy, Maurice and Shavit, Nir},
  edition      = {2},
  year         = {2020},
  publisher    = {Morgan Kaufmann},
  address      = {San Francisco}
}

@book{mccool2012structured,
  title        = {Structured Parallel Programming: Patterns for Efficient Computation},
  author       = {McCool, Michael and Robison, James and Reinders, Arch},
  year         = {2012},
  publisher    = {Elsevier},
  address      = {Waltham}
}
